%%% -*-BibTeX-*-
%%% ====================================================================
%%%  BibTeX-file{
%%%     author          = "Nelson H. F. Beebe",
%%%     version         = "1.14",
%%%     date            = "12 March 2003",
%%%     time            = "06:34:19 MST",
%%%     filename        = "standard.bib",
%%%     address         = "Center for Scientific Computing
%%%                        University of Utah
%%%                        Department of Mathematics, 110 LCB
%%%                        155 S 1400 E RM 233
%%%                        Salt Lake City, UT 84112-0090
%%%                        USA",
%%%     telephone       = "+1 801 581 5254",
%%%     FAX             = "+1 801 581 4148",
%%%     checksum        = "56626 890 3310 30944",
%%%     email           = "beebe at math.utah.edu, beebe at acm.org,
%%%                        beebe at ieee.org (Internet)",
%%%     codetable       = "ISO/ASCII",
%%%     keywords        = "standard",
%%%     supported       = "yes",
%%%     docstring       = "This bibliography collects references to
%%%                        publications on hardware and software
%%%                        standards.
%%%
%%%                        At version 1.14, the year coverage looked
%%%                        like this:
%%%
%%%                             1966 (  2)     1976 (  1)     1986 (  3)
%%%                             1967 (  0)     1977 (  1)     1987 (  6)
%%%                             1968 (  0)     1978 (  2)     1988 (  9)
%%%                             1969 (  1)     1979 (  1)     1989 (  2)
%%%                             1970 (  0)     1980 (  1)     1990 (  3)
%%%                             1971 (  1)     1981 (  4)     1991 (  4)
%%%                             1972 (  0)     1982 (  0)     1992 (  2)
%%%                             1973 (  0)     1983 (  4)     1993 (  3)
%%%                             1974 (  0)     1984 (  2)     1994 (  0)
%%%                             1975 (  0)     1985 (  4)     1995 (  1)
%%%
%%%                             Article:         12
%%%                             Book:            25
%%%                             Manual:          17
%%%                             Proceedings:      1
%%%                             TechReport:       2
%%%
%%%                             Total entries:   57
%%%
%%%                        The checksum field above contains a CRC-16
%%%                        checksum as the first value, followed by the
%%%                        equivalent of the standard UNIX wc (word
%%%                        count) utility output of lines, words, and
%%%                        characters.  This is produced by Robert
%%%                        Solovay's checksum utility.",
%%%  }
%%% ====================================================================

@Preamble{"\input bibnames.sty "
        # "\input path.sty "
}

%=======================================================================
% Acknowledgement abbreviations:

@String{ack-kb  = "Karl Berry,
                   e-mail: \path|karl@cs.umb.edu|"}
@String{ack-nhfb = "Nelson H. F. Beebe,
                    Center for Scientific Computing,
                    University of Utah,
                    Department of Mathematics, 110 LCB,
                    155 S 1400 E RM 233,
                    Salt Lake City, UT 84112-0090, USA,
                    Tel: +1 801 581 5254,
                    FAX: +1 801 581 4148,
                    e-mail: \path|beebe@math.utah.edu|,
                            \path|beebe@acm.org|,
                            \path|beebe@ieee.org| (Internet),
                    URL: \path|http://www.math.utah.edu/~beebe/|"}

%=======================================================================
% Journal abbreviations:

@String{j-CACM                  = "Communications of the Association for
                                  Computing Machinery"}
@String{j-COMPUTER              = "Computer"}
@String{j-IEEE-MICRO            = "IEEE Micro"}
@String{j-SIGPLAN               = "ACM SIG{\-}PLAN Notices"}
@String{j-SIGGRAPH              = "ACM SIG{\-}GRAPH\emdash
                                  Com{\-}puter Graphics"}

%=======================================================================
% Publisher abbreviations:

@String{pub-ANSI                = "American National Standards Institute"}
@String{pub-ANSI:adr            = "1430 Broadway, New York, NY 10018, USA"}

@String{pub-AW                  = "Ad{\-d}i{\-s}on-Wes{\-l}ey"}
@String{pub-AW:adr              = "Reading, MA, USA"}

@String{pub-BENCUM              = "Benjamin/Cummings"}
@String{pub-BENCUM:adr          = "390 Bridge Pkwy., Redwood City, CA 94065,
                                  USA"}

@String{pub-ELLIS-HORWOOD       = "Ellis Horwood"}
@String{pub-ELLIS-HORWOOD:adr   = "New York, NY, USA"}

@String{pub-GRAPHICCOMM         = "Graphic Communications Association"}
@String{pub-GRAPHICCOMM:adr     = "100 Daingerfield Road, Alexandria,
                                  VA 22314-2804, USA"}

@String{pub-IEEE                = "IEEE Computer Society"}
@String{pub-IEEE:adr            = "345 E. 47th St, New York, NY 10017, USA"}

@String{pub-ISO                 = "International Organization for
                                  Standardization"}
@String{pub-ISO:adr             = "Geneva, Switzerland"}

@String{pub-JSA                 = "Japanese Standards Association"}
@String{pub-JSA:adr             = "1-24, Akasaka 4 Chome, Minato-ku,
                                  Tokyo, 107 Japan"}

@String{pub-OMH                 = "Osborne\slash Mc{\-}Graw-Hill"}
@String{pub-OMH:adr             = "Berkeley, CA, USA"}

@String{pub-ORA                 = "O'Reilly \& {Associates, Inc.}"}
@String{pub-ORA:adr             = "981 Chestnut Street, Newton, MA 02164, USA"}

@String{pub-PH                  = "Pren{\-}tice-Hall"}
@String{pub-PH:adr              = "Englewood Cliffs, NJ 07632, USA"}

@String{pub-PLUMHALL            = "Plum Hall"}
@String{pub-PLUMHALL:adr        = "1 Spruce Ave, Cardiff, NJ 08232, USA"}

@String{pub-SV                  = "Spring{\-}er-Ver{\-}lag"}
@String{pub-SV:adr              = "Berlin, Germany~/ Heidelberg,
                                  Germany~/ London, UK~/ etc."}

@String{pub-TRANSACTION         = "Transaction Publishers, Rutgers University"}
@String{pub-TRANSACTION:adr     = "New Brunswick, NJ 08903, USA"}

@String{pub-WI                  = "Wiley-In{\-}ter{\-}sci{\-}ence"}
@String{pub-WI:adr              = "New York, NY, USA"}

%=======================================================================
% Bibliography entries:

@Manual{ANSI:ada,
  title =        "Military Standard {Ada} Programming Language",
  organization = pub-ANSI,
  address =      pub-ANSI:adr,
  year =         "1983",
  month =        feb # " 17",
  note =         "Also MIL-STD-1815A.",
  acknowledgement = ack-nhfb,
}

@Manual{ANSI:c86,
  title =        "Draft Proposed American National Standard Programming
                 Language C",
  organization = pub-ANSI,
  address =      pub-ANSI:adr,
  year =         "1986",
  month =        oct # " 1",
  acknowledgement = ack-nhfb,
}

@Manual{ANSI:c88,
  title =        "Draft Proposed American National Standard Programming
                 Language C",
  organization = pub-ANSI,
  address =      pub-ANSI:adr,
  year =         "1988",
  month =        jan # " 11",
  acknowledgement = ack-nhfb,
}

@Manual{ANSI:c88b,
  title =        "Draft Proposed American National Standard Programming
                 Language C",
  organization = pub-ANSI,
  address =      pub-ANSI:adr,
  year =         "1988",
  month =        oct # " 31",
  acknowledgement = ack-nhfb,
}

@Manual{ANSI:c89,
  title =        "American National Standard Programming Language C,
                 {ANSI} X3.159-1989",
  organization = pub-ANSI,
  address =      pub-ANSI:adr,
  year =         "1989",
  month =        dec # " 14",
  acknowledgement = ack-nhfb,
}

@Manual{ANSI:ftn66,
  title =        "{ANSI} {Fortran} {X}3.9-1966",
  organization = pub-ANSI,
  address =      pub-ANSI:adr,
  year =         "1966",
  note =         "Approved March 7, 1966 (also known as Fortran 66).
                 See also subsequent clarifications \cite{ANSI:ftn69}
                 and \cite{ANSI:ftn71}, and history
                 \cite{Heising:ftn}.",
  acknowledgement = ack-nhfb,
  bibdate =      "Sun May  2 09:51:45 1999",
}

@Article{ANSI:ftn69,
  author =       "ANSI Subcommittee X3J3",
  title =        "Clarification of {Fortran} Standards\emdash Ini\-tial
                 Progress",
  journal =      j-CACM,
  year =         "1969",
  volume =       "12",
  pages =        "289--294",
  note =         "See also \cite{ANSI:ftn66}.",
  acknowledgement = ack-nhfb,
}

@Article{ANSI:ftn71,
  author =       "ANSI Subcommittee X3J3",
  title =        "Clarification of {Fortran} Standards\emdash Second
                 Report",
  journal =      j-CACM,
  year =         "1971",
  volume =       "14",
  pages =        "628--642",
  note =         "See also \cite{ANSI:ftn66}.",
  acknowledgement = ack-nhfb,
}

@Article{ANSI:ftn76,
  author =       "ANSI Subcommittee X3J3",
  title =        "Draft Proposed {ANS} {Fortran}",
  journal =      j-SIGPLAN,
  year =         "1976",
  volume =       "11",
  number =       "3",
  note =         "See also final standard \cite{ANSI:ftn77}.",
  acknowledgement = ack-nhfb,
}

@Manual{ANSI:ftn77,
  title =        "{ANSI} {Fortran} X3.9--1978",
  organization = pub-ANSI,
  address =      pub-ANSI:adr,
  year =         "1978",
  note =         "Approved April 3, 1978 (also known as Fortran 77).  See also draft \cite{ANSI:ftn76}.",
  acknowledgement = ack-nhfb,
  bibdate =      "Sun May  2 09:52:05 1999",
}

@Manual{ANSI:ftn8x,
  title =        "Draft Proposed {ANSI} {Fortran} X3.9--198x",
  organization = pub-ANSI,
  address =      pub-ANSI:adr,
  year =         "1987",
  month =        sep # " 18",
  acknowledgement = ack-nhfb,
}

@Manual{ANSI:ftn9x,
  title =        "Draft Proposed {American National Standard}
                 Programming Language {Fortran} Extended X3.198--199x",
  organization = pub-ANSI,
  address =      pub-ANSI:adr,
  year =         "1990",
  month =        sep # " 24",
  acknowledgement = ack-nhfb,
}

@Manual{ANSI:gks,
  title =        "Information Systems\emdash Com\-puter Graphics\emdash
                 Graph\-i\-cal Kernel System ({GKS}). {ANSI}
                 X3.124-1985",
  organization = pub-ANSI,
  address =      pub-ANSI:adr,
  year =         "1985",
  note =         "Includes Fortran bindings to GKS.",
  acknowledgement = ack-nhfb,
}

@Manual{ANSI:metafile,
  title =        "Information Systems\emdash Com\-puter Graphics\emdash
                 Meta\-file for the Storage and Transfer of Picture
                 Description Information. {ANSI} X3.122-1986",
  organization = pub-ANSI,
  address =      pub-ANSI:adr,
  year =         "1986",
  acknowledgement = ack-nhfb,
}

@Manual{ANSI:pascal,
  title =        "The Pascal Programming Language. {ANSI\slash IEEE}
                 770X3.97-1983",
  organization = pub-ANSI,
  address =      pub-ANSI:adr,
  year =         "1983",
  acknowledgement = ack-nhfb,
}

@Manual{ANSI:phigs,
  title =        "Information Systems\emdash Com\-puter Graphics\emdash
                 Pro\-gram\-mer's Hierarchical Interactive Graphical
                 System. Draft proposal X3.144.1988",
  organization = pub-ANSI,
  address =      pub-ANSI:adr,
  year =         "1988",
  acknowledgement = ack-nhfb,
}

@Manual{ANSI:phigs+,
  title =        "{PHIGS}+ Functional Description, Revision 2.0",
  organization = pub-ANSI,
  address =      pub-ANSI:adr,
  month =        jul # " 20",
  year =         "1987",
  acknowledgement = ack-nhfb,
}

@Book{Bryan:SAG88,
  author =       "Martin Bryan",
  title =        "{SGML}\emdash An Author's Guide to the Standard
                 Generalized Markup Language",
  publisher =    pub-AW,
  address =      pub-AW:adr,
  pages =        "xvii + 364",
  year =         "1988",
  ISBN =         "0-201-17535-5",
  LCCN =         "QA76.73.S44 B79 1988",
  price =        "UK\pounds16.95",
  acknowledgement = ack-nhfb,
  bibdate =      "Thu Jun 23 16:34:54 1994",
}

@Article{Cody:IEEE-P854,
  author =       "William J. {Cody, Jr.} and Jerome T. Coonen and David
                 M. Gay and K. Hanson and David Hough and W. Kahan and
                 R. Karpinski and John F. Palmer and F. N. Ris and D.
                 Stevenson",
  title =        "A Proposed Radix- and Word-length-independent Standard
                 for Floating-Point Arithmetic",
  journal =      j-IEEE-MICRO,
  volume =       "4",
  number =       "4",
  pages =        "86--100",
  month =        aug,
  year =         "1984",
}

@Article{Coonen:fps-guide,
  author =       "Jerome T. Coonen",
  title =        "An Implementation Guide to a Proposed Standard for
                 Floating Point Arithmetic",
  journal =      j-COMPUTER,
  volume =       "13",
  number =       "1",
  pages =        "68--79",
  month =        jan,
  year =         "1980",
  note =         "See errata in \cite{Coonen:fps-guide-errata}.",
}

@Article{Coonen:fps-guide-errata,
  author =       "Jerome T. Coonen",
  title =        "Errata: An Implementation Guide to a Proposed Standard
                 for Floating Point Arithmetic",
  journal =      j-COMPUTER,
  volume =       "14",
  number =       "3",
  pages =        "62",
  month =        mar,
  year =         "1981",
  note =         "See also \cite{Coonen:fps-guide}.",
}

@Article{Coonen:ufl-denorm,
  author =       "Jerome T. Coonan",
  title =        "Underflow and the Denormalized Numbers",
  journal =      j-COMPUTER,
  volume =       "14",
  number =       "3",
  pages =        "75--87",
  month =        mar,
  year =         "1981",
}

@Book{Enderle:CGP84,
  author =       "G. Enderle and K. Kansy and G. Pfaff",
  title =        "Computer Graphics Programming. {GKS}\emdash The
                 Graphics Standard",
  publisher =    pub-SV,
  address =      pub-SV:adr,
  pages =        "xvi + 542",
  year =         "1984",
  ISBN =         "0-387-16317-4 (New York), 3-540-16317-4 (Berlin),
                 0-387-11525-0 (New York), 3-540-11525-0 (Berlin)",
  LCCN =         "T385 .E531 1984",
  series =       "Symbolic Computation, Editor: J.
                 Encarna{\c{c}}{\~{a}}o and P. Hayes",
  bibdate =      "Thu Jun 27 16:12:20 1996",
}

@Book{Enderle:CGP87,
  author =       "G. Enderle and K. Kansy and G. Pfaff",
  title =        "Computer Graphics Programming. {GKS}\emdash The
                 Graphics Standard",
  publisher =    pub-SV,
  address =      pub-SV:adr,
  edition =      "Second",
  pages =        "xxiii + 651",
  year =         "1987",
  ISBN =         "0-387-11525-0, 3-540-11525-0",
  LCCN =         "T385 .E531 1987",
  series =       "Symbolic Computation, Editor: J.
                 Encarna{\c{c}}{\~{a}}o and P. Hayes",
  bibdate =      "Wed Dec 15 07:59:26 1993",
  libnote =      "Not yet in my library.",
}

@Book{Feeney:SGM88,
  author =       "Mary Feeney",
  title =        "The Standard Generalized Markup Language ({SGML})",
  publisher =    "British Library Research and Development Dept. and
                 Library \& Information Technology Centre",
  address =      "London, UK",
  pages =        "15",
  year =         "1988",
  LCCN =         "Z286.E43 F44 1988",
  acknowledgement = ack-nhfb,
  bibdate =      "Thu Jun 23 16:19:44 1994",
  libnote =      "Not yet in my library.",
}

@Book{Gallmeister:1995:PPR,
  author =       "Bill Gallmeister",
  title =        "{POSIX.4}: Programming for the Real World",
  publisher =    pub-ORA,
  address =      pub-ORA:adr,
  pages =        "xviii + 548",
  month =        jan,
  year =         "1995",
  ISBN =         "1-56592-074-0",
  LCCN =         "QA76.76.O63 G34 1995",
  bibdate =      "Fri May 19 19:20:07 MDT 1995",
  bibsource =    "ftp://ftp.ora.com/pub/book.catalog",
  price =        "US\$29.95",
  acknowledgement = ack-nhfb,
}

@Book{GCA:DMM83,
  author =       "{Graphic Communications Association}",
  title =        "{GCA} Standard 101-1983, Document Markup Metalanguage:
                 {GenCode} and the Standard Generalized Markup Language
                 ({SGML})",
  publisher =    pub-GRAPHICCOMM,
  address =      pub-GRAPHICCOMM:adr,
  pages =        "xxiv + 264",
  year =         "1983",
  ISBN =         "0-89740-244-8",
  LCCN =         "QA76.9.T48 G33 1983",
  note =         "Adopted by Department of Defense, 10 August 1983.",
  price =        "US\$48.00",
  acknowledgement = ack-nhfb,
  bibdate =      "Thu Jul 7 16:16:46 1994",
  libnote =      "Not yet in my library.",
}

@Article{Heising:ftn,
  author =       "W. P. Heising",
  title =        "History and Summary of {Fortran} Standardization
                 Development for the {ASA}",
  journal =      j-CACM,
  volume =       "7",
  pages =        "590--625",
  year =         "1966",
  note =         "See also final standard \cite{ANSI:ftn66}.",
}

@Article{Hough:fps-applications,
  author =       "David Hough",
  title =        "Applications of the Proposed {IEEE-754} Standard for
                 Floating Point Arithmetic",
  journal =      j-COMPUTER,
  volume =       "14",
  number =       "3",
  pages =        "70--74",
  month =        mar,
  year =         "1981",
}

@Manual{IEEE:p754,
  title =        "{ANSI}\slash {IEEE} 754-1985, Standard for Binary
                 Floating-Point Arithmetic",
  author =       "IEEE Task P754",
  organization = "IEEE, New York",
  year =         "1985",
  month =        aug # " 12",
  note =         "A preliminary draft was published in the January 1980
                 issue of IEEE Computer, together with several
                 companion articles. Available from the IEEE Service
                 Center, Piscataway, NJ, USA.",
  acknowledgement = ack-nhfb,
}

@Book{IEEE:ITU85,
  author =       "IEEE",
  title =        "{IEEE} Trial-Use Standard Specifications for
                 Microprocessor Operating Systems Interfaces",
  publisher =    pub-WI,
  address =      pub-WI:adr,
  year =         "1985",
  note =         "IEEE {Std}. 855.",
  ISBN =         "0-471-01073-1",
  LCCN =         "QA76.5 .I23 1985",
  pages =        "173",
  bibdate =      "Wed Dec 15 10:35:06 1993",
}

@Book{IEEE:ITU86,
  author =       "IEEE",
  title =        "{IEEE} Trial-Use Standard Portable Operating System
                 for Computer Environments",
  publisher =    pub-WI,
  address =      pub-WI:adr,
  year =         "1986",
  edition =      "{IEEE} {Std} 1003.1",
  month =        apr,
  ISBN =         "0-471-85027-6",
  LCCN =         "TK 275 I5 Std 1003.1",
  pages =        "207",
  bibdate =      "Wed Dec 15 10:34:55 1993",
}

@Proceedings{IEEE:workstations,
  key =          "IEEE",
  title =        "Proceedings of the 2nd {IEEE} Conference on Computer
                 Workstations",
  year =         "1988",
  publisher =    pub-IEEE,
  address =      pub-IEEE:adr,
  month =        mar # " 7--10",
  acknowledgement = ack-nhfb,
  bibdate =      "Sun Dec 12 13:22:15 1993",
}

@Book{IEEE:POSIX.1-90,
  key =          "POSIX.1-90",
  title =        "System Application Program Interface ({API}) [C
                 Language]",
  publisher =    pub-IEEE,
  address =      pub-IEEE:adr,
  year =         "1990",
  series =       "Information technology---Portable Operating System
                 Interface ({POSIX})",
  ISBN =         "1-55937-061-0",
  LCCN =         "90-084554",
  ISO-standard-number = "ISO/IEC 9945-1: 1990",
  IEEE-standard-number = "IEEE Std 1003.1-1990",
  acknowledgement = ack-kb,
}

@Book{IEEE:POSIX.2-93-vol1,
  key =          "POSIX.2-93 vol 1",
  title =        "Portable Operating System Interface ({POSIX})---Part
                 2: Shell and Utilities (Volume 1)",
  pages =        "1--750",
  contents =     "Sections 1--7, Annexes A--C",
  publisher =    pub-IEEE,
  address =      pub-IEEE:adr,
  year =         "1993",
  series =       "Information technology---Portable Operating System
                 Interface ({POSIX})",
  ISBN =         "1-55937-255-9",
  IEEE-standard-number = "IEEE Std 1003.2-1992",
  acknowledgement = ack-kb,
}

@Book{IEEE:POSIX.2-93-vol2,
  key =          "POSIX.2-93 vol 2",
  title =        "Portable Operating System Interface ({POSIX})---Part
                 2: Shell and Utilities (Volume 2)",
  pages =        "751--1195",
  contents =     "Annexes D--H",
  publisher =    pub-IEEE,
  address =      pub-IEEE:adr,
  year =         "1993",
  series =       "Information technology---Portable Operating System
                 Interface ({POSIX})",
  ISBN =         "1-55937-255-9",
  IEEE-standard-number = "IEEE Std 1003.2-1992",
  acknowledgement = ack-kb,
}

@Book{ISO:1988:IPVa,
  author =       "{International Organization for Standardization}",
  title =        "Information processing: volume and file structure of
                 {CD-ROM} for information interchange = Traitement de
                 l'information: structure de volume et de fichier des
                 disques optiques compacts a m{\'e}moire fixe ({CD-ROM})
                 destin{\'e}s a l'{\'e}change d'information",
  publisher =    pub-ISO,
  address =      pub-ISO:adr,
  edition =      "Corrected and reprinted.",
  pages =        "x + 31",
  year =         "1988",
  bibdate =      "Tue Nov 19 16:39:09 MST 1996",
  series =       "International standard; ISO 9660",
  acknowledgement = ack-nhfb,
  keywords =     "Optical data processing -- Standards.; CD-ROM --
                 Standards.",
}

@TechReport{ISO:1988:IPVb,
  author =       "{International Organization for Standardization} and
                 {European Computer Manufacturers Association}",
  title =        "Information processing: volume and file structure of
                 {CD-ROM} for information interchange",
  type =         "International standard; ISO 9660",
  number =       "ISO 9660: 1988 (E)",
  institution =  pub-ISO,
  address =      pub-ISO:adr,
  pages =        "x + 31",
  day =          "15",
  month =        apr,
  year =         "1988",
  bibdate =      "Tue Nov 19 16:39:09 MST 1996",
  acknowledgement = ack-nhfb,
  annote =       "Prepared by the European Computer Manufacturers
                 Association (as Standard ECMA-119) and adopted \ldots{}
                 by Technical Committee ISO/TC 97. Ref. no. ISO 9660:
                 1988 (E). Reprint. Irvine, CA: Global Engineering
                 Documents, 1988.",
  keywords =     "CD-ROM -- Standards.; Optical disks -- Standards.;
                 Computer storage devices -- Standards.",
}

@Book{Jensen:PUM85,
  author =       "Kathleen Jensen and Niklaus Wirth",
  title =        "Pascal User Manual and Report\emdash {ISO} Pascal
                 Standard",
  publisher =    pub-SV,
  address =      pub-SV:adr,
  edition =      "Third",
  pages =        "xvi + 266",
  year =         "1985",
  ISBN =         "0-387-96048-1, 3-540-96048-1",
  LCCN =         "QA76.73.P2 J46 1985",
  note =         "Revised by {Andrew B}. {Mickel} and {James F}.
                 {Miner}.",
  bibdate =      "Wed Dec 15 10:35:40 1993",
}

@Manual{JISCII:charset,
  title =        "{Japanese Industrial Standard JIS C 6626-1978 Code of
                 the Japanese Graphics Character Set for Information
                 Interchange}",
  organization = pub-JSA,
  address =      pub-JSA:adr,
  year =         "1978",
}

@Manual{JISCII:dot-printers,
  title =        "{Japanese Industrial Standard JIS C 6234-1983 24-dots
                 Matrix Character Patterns for Dot Printers}",
  organization = pub-JSA,
  address =      pub-JSA:adr,
  year =         "1983",
}

@Book{Lewine:1991:PPG,
  author =       "Donald A. Lewine",
  title =        "{POSIX} programmer's guide: writing portable {UNIX}
                 programs with the {POSIX.1} standard",
  publisher =    pub-ORA,
  address =      pub-ORA:adr,
  pages =        "xxvii + 607",
  year =         "1991",
  ISBN =         "0-937175-73-0",
  LCCN =         "QA76.76.O63 L487 1991b",
  note =         "March 1994 printing with corrections, updates, and
                 December 1991 Appendix G.",
  bibdate =      "Wed Nov 13 14:58:22 1996",
  bibsource =    "ftp://ftp.ora.com/pub/book.catalog",
  price =        "US\$34.95",
  acknowledgement = ack-nhfb,
}

@Book{NISO:EMP91,
  author =       "National Information Standards Organization",
  title =        "Electronic Manuscript Preparation and Markup: American
                 National Standard for Electronic Manuscript Preparation
                 and Markup",
  publisher =    pub-TRANSACTION,
  address =      pub-TRANSACTION:adr,
  pages =        "xv + 167",
  year =         "1991",
  ISBN =         "0-88738-945-7",
  LCCN =         "Z286.E43 E428 1991",
  note =         "ANSI/NISO Z39.59-1988. Approved December 1, 1988, by
                 American National Standards Institute. Developed by The
                 National Information Standards Organization.",
  acknowledgement = ack-nhfb,
  bibdate =      "Thu Jun 23 16:40:14 1994",
  libnote =      "Not yet in my library.",
}

@Book{Plauger:SCL92,
  author =       "P. J. Plauger",
  title =        "The {Standard C} Library",
  publisher =    pub-PH,
  address =      pub-PH:adr,
  pages =        "xiv + 498",
  year =         "1992",
  ISBN =         "0-13-838012-0",
  LCCN =         "QA76.73.C15 P563 1991",
  bibdate =      "Wed Dec 15 10:40:47 1993",
}

@Book{Plum:NDC87,
  author =       "T. Plum",
  title =        "Notes on the Draft {C} Standard",
  publisher =    pub-PLUMHALL,
  address =      pub-PLUMHALL:adr,
  pages =        "92",
  year =         "1987",
  ISBN =         "0-911537-06-6",
  LCCN =         "QA76.73.C15 P585 1987",
  price =        "US\$10.00",
  bibdate =      "Wed Dec 15 10:40:49 1993",
}

@Book{Schildt:AAC90,
  author =       "Herbert Schildt",
  title =        "The Annotated {ANSI C} Standard: American National
                 Standard for Programming Languages \emdash {C}",
  publisher =    pub-OMH,
  address =      pub-OMH:adr,
  pages =        "xvi + 219",
  year =         "1990",
  ISBN =         "0-07-881952-0",
  LCCN =         "QA76.73.C15S356 1990",
  price =        "US\$39.95",
  bibdate =      "Mon Dec 27 09:38:20 1993",
}

@Article{SIGGRAPH:core77,
  author =       "ACM\slash SIGGRAPH",
  title =        "Status Report of the {Graphic Standards Planning}
                 {Committee} of {ACM\slash SIGGRAPH}",
  journal =      j-SIGGRAPH,
  volume =       "11",
  number =       "3",
  year =         "1977",
}

@Article{SIGGRAPH:core79,
  author =       "ACM\slash SIGGRAPH",
  title =        "Status Report of the {Graphic Standards Planning}
                 {Committee} of {ACM\slash SIGGRAPH}",
  journal =      j-SIGGRAPH,
  volume =       "13",
  number =       "3",
  month =        aug,
  year =         "1979",
}

@Book{Smith:SGM86,
  author =       "Joan M. Smith",
  title =        "The Standard Generalized Markup Language and Related
                 Issues",
  publisher =    "British National Bibliography Research Fund",
  address =      "London, UK",
  pages =        "63",
  year =         "1987",
  ISBN =         "0-7123-3082-8",
  LCCN =         "Z286 .E43 S65 1986",
  acknowledgement = ack-nhfb,
  bibdate =      "Thu Jul 7 16:16:39 1994",
  libnote =      "Not yet in my library.",
}

@Book{Smith:SGM87,
  author =       "Joan M. Smith",
  title =        "The Standard Generalized Markup Language ({SGML}):
                 guidelines for authors",
  publisher =    "British Library Publications Sales Unit",
  address =      "Wolfeboro, NH, USA",
  pages =        "ix + 66",
  year =         "1987",
  ISBN =         "0-7123-3112-3",
  LCCN =         "QA76.73.S44 S65x 1987",
  acknowledgement = ack-nhfb,
  bibdate =      "Thu Jul 7 16:16:35 1994",
  libnote =      "Not yet in my library.",
}

@Book{Smith:SRS92,
  author =       "Joan M. Smith",
  title =        "{SGML} and Related Standards: Document Description
                  and Processing Languages",
  publisher =    pub-ELLIS-HORWOOD,
  address =      pub-ELLIS-HORWOOD:adr,
  pages =        "xviii + 151",
  year =         "1992",
  ISBN =         "0-13-806506-3",
  LCCN =         "QA76.73 .S42 1992",
  price =        "US\$50.25",
  acknowledgement = ack-nhfb,
  bibdate =      "Wed Aug 10 11:33:23 1994",
  libnote =      "Not yet in my library.",
}

@Book{Smith:SUG88,
  author =       "Joan M. Smith and Robert Stutely",
  title =        "{SGML}: The User's Guide to {ISO} 8879",
  publisher =    pub-ELLIS-HORWOOD,
  address =      pub-ELLIS-HORWOOD:adr,
  pages =        "175",
  year =         "1988",
  ISBN =         "0-7458-0221-4",
  LCCN =         "QA76.73.S44 S441 1988",
  price =        "UK\pounds22.50",
  acknowledgement = ack-nhfb,
  bibdate =      "Thu Jun 23 16:28:59 1994",
  libnote =      "Not yet in my library.",
}

@Article{Stevenson:COMPUTER-14-3-51,
  author =       "David Stevenson",
  title =        "A Proposed Standard for Binary Floating-Point
                 Arithmetic",
  journal =      j-COMPUTER,
  volume =       "14",
  number =       "3",
  pages =        "51--62",
  month =        mar,
  year =         "1981",
}

@Book{Summers:1993:IIW,
  author =       "Clayton Summers",
  title =        "Introduction to {ISO} 9660: what it is, how it is
                 implemented, and how it has been extended",
  publisher =    "Disc Manufacturing",
  address =      "1409 Foulk Rd., Suite 102, Wilmington, DE 19803, USA",
  pages =        "29 + vi",
  year =         "1993",
  bibdate =      "Tue Nov 19 16:39:09 MST 1996",
  acknowledgement = ack-nhfb,
  keywords =     "Compact discs -- Standards.; CD-ROMs -- Standards.",
}

@Book{Unicode:US91,
  author =       "{The Unicode Consortium}",
  key =          "Uni91",
  title =        "The Unicode Standard: Worldwide Character Encoding.
                 Version 1.0. Volumes 1 and 2.",
  publisher =    pub-AW,
  address =      pub-AW:adr,
  year =         "1991",
  ISBN =         "0-201-56788-1 (paperback, vol. 1), 0-201-60845-6
                 (paperback, vol. 2)",
  LCCN =         "QA268 .U55 1991, Z103 .U6 1991",
  price =        "US\$39.95 (paperback), US\$32.95 (hardback)",
  bibdate =      "Wed Jun 26 15:16:24 1996",
  libnote =      "Not yet in my library.",
}

@TechReport{Xerox:color,
  author =       "Xerox Corporation",
  title =        "The {Xerox Color Encoding Standard}",
  number =       "XNSS 288811",
  institution =  "Xerox Systems Institute",
  month =        mar,
  year =         "1989",
}

@Book{Zlotnick:PSP-91,
  author =       "Fred Zlotnick",
  title =        "The {POSIX.1} Standard: A Programmer's Guide",
  publisher =    pub-BENCUM,
  year =         "1991",
  address =      pub-BENCUM:adr,
  ISBN =         "0-8053-9605-5",
  LCCN =         "QA76.76.O63 Z57",
  acknowledgement = ack-kb,
}
                  
@String{pub-FGDC                  = "Federal Geographic Data Committee,
                                     United States Geographical Service"}
@String{pub-FGDC:adr              = "590 National Center, Reston, VA 20192"}

%%%%%%%%%%%%%%%%%%%%%%%%%%%%%%%%%%%%%%%%%%%%%%%%%%%%%%%%%%%%%%%%%%%%%%%%%%%
@Article{cornillon03,
  author = 	 {Cornillon, Peter and Gallagher, James and Sgouros, Tom},
  title = 	 {OPeNDAP: Accessing data in a distributed, heterogeneous environment},
  journal = 	 {CODATA Data Science Journal},
  year = 	 {2003},
  volume =	 {2},
  pages =	 {164--174},
  note =	 {Online 5 November, 2003: http://journals.eecs.qub.ac.uk/codata/Journal/contents/2\_03/2\_03pdfs/DS247.pdf}
}

@misc{cornillon:use-metadata,
author = {Peter Cornillon},
title = {VODHub National Workshop},
howpublished = {http://www.unidata.ucar.edu\-/packages\-/dods\-/papers\-/pcornillon\-/dods-VODHub-National-Meeting-remote\-/dods-national-TOC.html},
organization = {University of Rhode Island},
date = {May, 2001}}

@misc{gallagher:dap-spec,
author = {James Gallagher},
title = {{DODS DAP} 2.0 -- Draft},
howpublished = {http://unidata.ucar.edu/packages/dods/design/dap-rfc-html/},
organization = {University of Rhode Island},
date = {September, 2001}}


% What does entry this mean? What am I trying to cite???
@misc{fgdc,
organization = pub-FGDC,
address = pub-FGDC:adr,
title = {Federal Geographic Data Committee},
howpublished = {http://www.fgdc.gov/},
year = 2001}

@misc{fgdc:metadata,
organization = pub-FGDC,
address = pub-FGDC:adr,
title = {\uppercase{FGDC-STD-001-1998} Content standard for digital \
         geospatial metadata},
howpublished = {http://www.fgdc.gov/metadata/contstan.html},
note = {Retrieved from the web 25 March 2003},
year = {1998},
month = {June}}

@misc{fgdc:bio-metadata,
organization = pub-FGDC,
address = pub-FGDC:adr,
title = {\uppercase{FGDC-STD-001.1-1999} Content standard for digital \
         geospatial metadata},
howpublished = {http://www.fgdc.gov/standards/status/sub5\_2.html},
note = {Retrieved from the web 25 March 2003},
year = {1999},
month = {October}}

@misc{fgdc:rs-metadata,
organization = pub-FGDC,
address = pub-FGDC:adr,
publisher = {{Federal Geographic Data Committee}},
title = {\uppercase{FGDC-STD-012-2002} Content Standard for Digital \
         Geospatial Metadata -- Extensions for Remote Sensing Metadata},
howpublished = {http://www.fgdc.gov/standards/status/csdgm\_rs\_ex.html},
note = {Retrieved from the web 25 March 2003},
year = {2002},
month = {October}}

@misc{ogc:specs,
author = {OGC},
publisher = {{Open GIS Consortium}},
title = {OpenGIS Implementation Specifications},
howpublished = {http://www.opengis.org/techno/implementation.htm},
note = {Retrieved from the web 25 March 2003},
year = {2003},
month = {March}}


@misc{rfc2045,
title = {Multipurpose Internet Mail Extensions {(MIME)} Part One: Format of Internet Message Bodies},
author = {N. Freed and N. Borenstein},
howpublished = {RFC 2045},
organization = {Innosoft},
date = {November 1996}}

@misc{rfc2046,
title = {Multipurpose Internet Mail Extensions {(MIME)} Part Two: Media Types},
author = {N. Freed and N. Borenstein},
howpublished = {RFC 2046},
organization = {Innosoft},
date = {November 1996}}

@misc{rfc822,
title = {Standard for the Format of ARPA Internet Text Messages},
author = {David H. Crocker},
howpublished = {RFC 822},
organization = {University of Delaware},
date = {August 13, 1982}}

@misc{rfc2277,
title=  {\uppercase{IETF} Policy on Character Sets and Languages},
author = {Alvestrand, H.},
howpublished = {RFC 2277},
organization = {UNINETT},
date =  {January, 1998}}

@misc{rfc2616,
title = {Hypertext Transfer Protocol --- {HTTP/1.1}},
author = {R. Fielding and J. Gettys and J. C.  Mogul and H. Frystyk 
and L. Masinter and P. Leach and T. Berners-Lee},
howpublished = {RFC 2616},
organization = {UC Irvine},
date = {June 1999}}

@misc{rfc2119,
title = {Key words for use in RFCs to Indicate Requirement Levels},
author = {S. Bradner},
howpublished = {RFC 2119},
organization = {Harvard University},
date = {March 1997}}

@misc{rfc2396,
title = {Uniform Resource Identifiers {(URI)}: Generic Syntax},
author = {T. Berners-Lee and R. Fielding and L. Masinter},
howpublished = {RFC 2396},
organization = {MIT/LCS},
date = {August 1998}}

@misc{rfc2617,
title = {HTTP Authentication: Basic and Digest Access Authentication},
author = {J. Franks and P. Hallam-Baker and J. Hostetler and S. Lawerence and P. Leach and A. Loutonen and L.Stewart},
howpublished = {RFC 2617},
organization = {Northwestern University},
date = {June 1999}}

@misc{stein:www-security,
title = {The World Wide Web Security {FAQ}},
author = {Lincoln D. Stein},
howpublished = {http://www.w3.org/Security/Faq/www-security-faq.html},
organization = {The World Wide Web Consortium},
year = {1999}}

@inproceedings{gallagher:dods,
title = {Data Transport within the Distributed Oceanographic Data System},
author = {James Gallagher and George Milkowski},
booktitle = {World Wide Web Journal: Fourth International World Wide Web Conference Proceedings},
pages = {691--702},
year = 1995}

@misc{gallagher:registry-srs,
title = {The {DODS} Dataset Registry {SRS}},
author = {James Gallagher},
howpublished = {See the DODS web page or extract from CVS, DODS-doc/archive/requirements/registry.tex},
year = 1999}

@misc{gallagher:list-srs,
title = {The {DODS} Dataset List {SRS}},
author = {James Gallagher},
howpublished = {See the DODS web page or extract from CVS, DODS-doc/archive/requirements/list.tex},
year = 1999}

@misc{gallagher:HTMLform,
title = {Design of the {DODS} {HTML} Interface},
author = {James Gallagher},
howpublished = {See the DODS web page or extract from CVS},
year = 1999}

@misc{sgouros:MLGUI,
title = {DODS Matlab Graphical User Interface Handbook},
author = {Tom Sgouros},
howpublished = {http://www.unidata.ucar.edu/packages/dods/user/mgui-html/mgui.ht
ml},
year = 1999}

% Use this to credit Jake with the idea for using CORBA as a server 
% architecture. 
@misc{hamby:private-comm,
author = {Jake Hamby},
note = {Private Communication},
year = 1998}

@book{Pollice:RUP,
author = {Gary Pollice and Liz Augustine and Chris Lowe and Jas Madhur},
title = {Software Development for Small Teams, A RUP-Centric Approach},
publisher = {Addison-Wesley},
address = {Boston},
year = 2003}

@book{kruchten:RUP,
author = {Philippe Kruchten},
title = {The Rational Unified Process: an Introduction},
edition = {Second Edition},
publisher = {Addison-Wesley},
address = {Boston},
year = 2000}

@book{meyers:ecpp,
author = {Scott Meyers},
title = {Effective C++: 50 Specific Ways to Improve Your Programs and Designs},
publisher = {Addison-Wesley},
year = 1992}

@book{josuttis:cpp-stl,
author = {Nicolia M. Josuttis},
title = {The \Cpp\ Standard Library: A Tutorial and Reference},
publisher = {Addison-Wesley},
year = 1999}

@book{harold:java-net,
author = {Elliotte Rusty Harold},
title = {{JAVA} Network Programming},
publisher = {O'Reilly \& Associates, Inc.},
year = 1997}

@book{siegel:corba-prog,
author = {Jon Siegel},
title = {{CORBA} Fundamentals and Programming / written and edited by Jon Siegel},
publisher = {John Wiley \& Sons, Inc.},
year = 1996}

@inproceedings{denbo:noaaserver,
author = {D.W. Denbo and Steve Hankin and Joeseph Sirott},
title = {A Unified Browse Environment for NOAA's Data Using Distributed Objects},
booktitle = {Marine Technology Society Ocean Community Conference '98},
note = {http://www.publicaffairs.noaa.gov/MTS98.html},
year =  1998}

@misc{waldo:dist-comp,
author = {Jim Waldo and Geoff Wyant and Ann Wollrath and Sam Kendall},
title = {A Note on Distributed Computing},
organization = {Sun Microsystems Laboratories},
address = {Mountain View, CA.},
year = 1993}

@misc{DODS:home-page,
author={The DODS Project},
title={DODS Home Page},
howpublished={http://www.unidata.ucar.edu/packages/dods/},
organization={{Unidata}, {Inc.}},
address={Boulder, CO., USA},
date=2000}

% Hmm... HTML Manuals
@manual{DODS:users-guide,
author = {Tom Sgouros},
title = {{DODS} User's Guide},
howpublished = {http://www.unidata.ucar.edu/packages/dods/user/guide-html/},
organization = {The University of Rhode Island},
address = {Narragansett, RI.},
note = {version~1.8},
date = 1999}

@manual{DODS:prog-guide,
author = {James Gallagher and Tom Sgouros},
title = {{DODS} Programmer's Guide},
howpublished = {http://www.unidata.ucar.edu/packages/dods/api/pguide-html/},
organization = {The University of Rhode Island},
address = {Narragansett, RI.},
note = {version~1.2},
date = 1999}

% COARDS at Unidata
@misc{COARDS,
author = {{Cooperative Ocean/Atmosphere Research Data Service}},
title = {Conventions for the standardization of NetCDF files},
howpublished = {http://ferret.wrc.noaa.gov/noaa\_coop/coop\_cdf\_profile.html},
year = 1995}

% NCL (netCDF Control Language)
@misc{NCL,
author = {National Center for Atmospheric Research},
organization = {National Center for Atmospheric Research},
title = {{NCAR Command Language}},
howpublished = {http://www.ncl.ucar.edu/Document/Language/},
note = {Retrieved 5 April 2005 from the World Wide Web.}}

% Ferret: web site
@misc{Ferret,
author = {{NOAA PMEL}},
title = {Ferret: Data Visualization and Analysis},
howpublished = {http://ferret.wrc.noaa.gov/Ferret/},
year = 1999}

% Matlab manual
@manual{matlab,
author = {Mathworks},
title = {Matlab User's Guide},
organization = {The Mathworks, inc.},
address = {Natick, MA.},
note = {Version 5},
date = 1997}

% Maybe Lola has a paper reference?
@misc{GCMD,
author = {{NASA}},
title = {{The Global Change Master Directory}},
howpublished = {http://gcmd.gsfc.nasa.gov/},
year = 1999}

@inproceedings{Nielsen:HTTP,
author = {Henrik Frystyk Nielsen and James Gettys and Anselm Baird-Smith and
Eric Prud'hommeaux and H\aakon Wium Lie and Chris Lilley},
title = {Network performance effects of HTTP/1.1, CSS1, and PNG},
booktitle = {Proceedings of the {ACM SIGCOMM} '97 conference on Applications, technologies, architectures, and protocols for computer communication},
year = 1997,
pages = {155--166},
organization = {ACM}}

% Maybe Lee has a paper reference?
@misc{JPL:webwinds,
author = {{Jet Propulsion Laboratory}},
title = {The {WebWinds} Interactive Data System},
howpublished = {http://webwinds.jpl.nasa.gov/lwhome.html},
year = 1999}

% This is the main URL for EOS.
@misc{NASA:EOS,
author = {{NASA}},
title = {{NASA's} {Earth Observing System}},
howpublished = {http://eos.nasa.gov/},
year = 1999}

% This paper should describe the HDF-EOS metatdata. Could use the three 
% HDF-EOS white papers, but something more current would be better.
@misc{HDFEOS,
author = {{NASA}},
title = {{HDF-EOS} Standards and Tools Information Center},
howpublished = {http://hdfeos.gsfc.nasa.gov/hdfeos/workshop.html},
year = 1999}

@misc{NCSA:HDF5,
author = {{NCSA}},
title = {{HDF5} - A New Generation of {HDF}},
howpublished = {http://hdf.ncsa.uiuc.edu/HDF5/},
note = {Retrieved from the World Wide Web 15 December 2002},
year = 2001}

@misc{NCSA:HDF4,
author = {{NCSA}},
title = {{HDF} 4.1r3 User's Guide},
howpublished = {http://hdf.ncsa.uiuc.edu/UG41r3\_html/},
note = {Retrieved from the World Wide Web 13 October 2003},
year = 1999}

% This entry requires the standard.bib file be merged with this database.
% jhrg 1/20/05

@Manual{ANSI:US-ASCII,
  title =        "Coded Character Set---7-bit American Standard Code for 
                  Information Interchange. Standard {ANSI} X3.4-1986",
  organization = pub-ANSI,
  address =      pub-ANSI:adr,
  year =         "1986",
}

@misc{ANSI:X3.4,
author = {{US-ASCII}},
title = {Coded Character Set---7-bit American Standard Code for Information 
Interchange. Standard {ANSI X3.4-1986}},
howpublished = {{ANSI}},
year = 1986}

@misc{EOSDIS:IMS,
author = {{NASA}},
title = {{Earth Observing System Data and Information System Information Management System}},
howpublished = {http://www-v0ims.gsfc.nasa.gov/v0ims/eosdis\_home.html},
year = 1999}

@misc{NETCDF:conventions,
author = {{University Corporation for Atmospheric Research}},
title = {{NetCDF} Conventions},
howpublished = {http://www.unidata.ucar.edu/packages/netcdf/conventions.html},
year = 1999}

@misc{DODS:workshop1,
author = {Peter Cornillon and Glenn Flierl and James Gallagher and George
	Milkowski},
title = {Report on the First Workshop for the Distributed Oceanographic Data
	System},
howpublished = {The University of Rhode Island, Graduate school of
		  Oceanography},
month = {September},
year = 1993}

@techreport{EOSDIS:dataplan,
title = {Science Data Plan for EOS Data and Information
  System covering EOSDIS Version 0 and Beyond, Document
  Version 1.0}, 
author = {{NASA Goddard Space Flight Center}},
institution = {Earth Science Data Information System
  Project, NASA Goddard Space Flight Center}, 
year = 1992}
		  
@misc{IETF:url,
author = {{Internet Engineering Task Force}},
title = {{http://www.ietf.cnri.reston.va.us/home.html}},
month = {October},
year = 1995}

@misc{JGOFS:url,
author = {{Joint Global Ocean Flux Study}},
title = {{http://www1.whoi.edu/jgofs.html}},
month = {October},
year = 1995}
		  
@misc{JPL:oceansurl,
author = {{National Oceanic and Atmospheric Administration}},
title = {{http://podaac-www.jpl.nasa.gov/}},
month = {October},
year = 1995}

@misc{NCSA:HDF,
author = {{National Center for Supercomputing Applications}},
title = {Hierarchical Data Format, Version 3.0},
howpublished = {University of Illinois at Urbana-Champaign},
month = {November},
year = 1990}
		  
@techreport{NOAA:policy,
title = {Report to the Senate Committee on Commerce,
  Science and Transportation and the House of Representative
  Committee on Science, Space and Technology on a plan to
  modernize NOAA's Environmental Data and Information Systems
  based on the Needs Assessment for Data Management Archival
  and Distribution: NOAA's Leadership Role in Environmental
  Information Services for the Nation},
author = {{NOAA}}, 
institution = {U.S. Department of Commerce, National Oceanic and Atmospheric Administration},
address = {Washington, DC},
year = 1994}
		  
@techreport{NSF:globalchange,
title = {The U.S. Global Change Data and Information Management Program Plan},
author = {{National Science Foundation}}, 
institution = {National Science Foundation, The Committee
  on Earth and Environmental Sciences, Interagency Working
  Group on Data Management of Global Change},
year = 1992}

@misc{PMEL:thermalurl,
author = {{Pacific Marine Environmental Laboratory}},
title = {Live Access to Climate Data},
howpublished ={{http://ferret.wrc.noaa.gov/fbin/climate\_server/}},
month = {October},
year = 1995}

@misc{URI:ssturl,
author = {{University of Rhode Island}},
title = {Sea Surface Temperature Archive},
howpublished = {{http://rs.gso.uri.edu/avhrr.html}},
month = {October},
year = 1995}

@misc{USGS:glisurl,
author = {{U.S. Geological Survey}},
title = {{USGS EDC} {G}lobal {L}and {I}nformation {S}ystem},
howpublished = {http://edcwww.cr.usgs.gov/glis/glis.html},
month = {October},
year = 1995}

@article{muntz:data,
author = {Richard Muntz and Edmond Mesrobian and Carlos R. Mechoso},
title = {Integrating Data Analysis, Visualization, and Data Management in a
		  heterogeneous Distributed Environment}, 
journal = {Information Systems Newsletter},
volume = 20,
number = 2,
pages = {7--13},
year = 1995}

@book{booch:oo-analysis,
author = {Grady Booch},
title = {Object-Oriented Analysis and Design with Applications, 2ed.},
publisher = {Benjamin/Cummings},
address = {Redwood City, CA},
year = {1994}}
		  
@article{chinman:manage,
author = {Richard Chinman and George Milkowski},
title = {Managing Earth Science Data in the 1990s and into the 21st Century}, 
journal = {Maritimes},
volume = 34,
number = 4,
pages = {8--13},
year = 1990}
		  
@proceedings{cornillon:dodsws1, 
editor = {Peter Cornillon and Glenn Flierl and James Gallagher and George Milkowski}, 
title = {Report on the {F}irst {W}orkshop for the {D}istributed {O}ceanographic {D}ata System}, 
year = 1993,
note= {29 September - 1 October 1993. W. Alton Jones Campus, University of Rhode Island}}
		  
@Manual{emacs,
title = {GNU Emacs},
organization = {The Free Software Foundation},
address = {Cambridge, MA.},
note = {Version 19}}

@incollection{horowitz:cpaper,
author = {D. M. Ritchie and S. C. Johnson and M. E. Lesk and B. W. Kernighan},
title = {The {C} Programming Language},
booktitle = {Programming Languages: A Grand Tour, 3ed.},
editor = {Ellis Horowitz},
publisher = {Computer Science Press},
address = {Rockville, MD.},
pages = {458--79},
year = 1987}

@article{jacobson:linkwinds,
author = {Allan S. Jacobson and Andrew L. Berkin and Martin N. Orton},
title = {Linkwinds: Interactive Scientific Data Analysis and Visualization},
journal = {Communication of the Association of Computing Machinery},
volume = 37,
number = 4,
pages = {43--52},
year = 1994}

@book{kern:upe,
author = {Brian W. Kernighan and Rob Pike},
title = {The Unix Programming Environment},
publisher = {Prentice-Hall, Inc.},
address = {Englewood Cliffs, New Jersy},
year = {1984}}
		  
@book{kr:c,
author = {Brian W. Kerningham and Dennis M. Ritchie},
title = {The {C} Programming Language},
publisher = {Prentice-Hall, Inc.},
address = {Englewood Cliffs, New Jersy},
year = {1978}}
		  
@Manual{netcdf,
title = {NetCDF User's Guide},
author = {Russ Rew and Glenn Davis and Steve Emmerson},
organization = {Unidata Program Center},
address = {Boulder, Colorado},
note = {Version 2.3},
year = 1993,
month = {April}}
		  
@book{osterhout:tcl,
author = {John K. Ousterhout},
title = {Tcl and the {Tk} Toolkit},
publisher = {Addison-Wesley},
address = {Reading, Ma.},
year = {1994}}

@article{pursch:newtools,
author = {Andrew Pursch and Ralph Kahn and Robert Haskins and Stephanie
		  Granger-Gallegos},
title = {New Tools for Working With Spatially Non-Uniformly-Sampled Data from
		  Satellites},
journal = {The Earth Observer},
volume = 4,
number = 5,
pages = {19--26},
year = 1992}
		  
@article{rew:netcdf,
author = {R. K. Rew and D. P. Davis},
title = {{NetCDF}: An Interface for Scientific Data Access},
journal = {{IEEE} Computer Graphics and Applications},
volume = 10,
number = 4,
pages = {76--82},
year = 1990}

@misc{w3c:cgi,
author = {W3C},
title = {CGI: Common Gateway Interface},
howpublished = {http://www.w3.org/CGI/},
year = 1999}

@misc{w3c:http,
author = {J. Gettys and J. Mogul and H. Frystyk and L. Masinter and P. Leach and T. Berners-Lee},
title = {Hypertext Transfer Protocol -- HTTP/1.1},
howpublished = {http://www.w3.org/Protocols/rfc2616/rfc2616.html},
year = 1999}

@misc{w3c:xml,
author = {{W3C}},
editor = {Tim Bray and Jean Paoli and {C. M.} Sperberg-McQueen and Eve Maler},
title = {Extensible Markup Language {(XML)} 1.0},
edition = {Second Edition},
howpublished = {http://www.w3.org/TR/REC-xml},
year = 2000}

@misc{w3c:outofband,
author = {{W3C}},
editor = {},
title = {This is a place holder for the W3C reference Nathan found about out of band data and XML documents},
howpublished = {http://www.w3.org/Somewhere},
year = 1961}

@misc{SOAP:streaming,
author = {{SOAP}},
title = {Placeholder for reference about streaming data with SOAP},
howpublished = {A Book?},
year = 1963}

@misc{apache:httpd,
author = {{The Apache Software Foundation}},
title = {Welcome to the Apache HTTP Server Project},
howpublished = {http://www.apache.org/httpd.html},
year = 2000}

@misc{rfc:mime,
author = {N. Borenstein and N. Freed},
title = {Multipurpose Internet Mail Extensions {(MIME)} Part One:
     Format of Internet Message Bodies},
howpublished = {{DARPA RFC} 2045},
month = {November},
year = 1996}

@book{ritchie:c,
author = {Brian W. Kernigham and Dennis M. Ritchie},
title = {The {C} Programming Language},
publisher = {{Prentice-Hall}},
year = 1978}
		  
@article{simpson:ssable,
author = {James J. Simpson and Daniel N. Harkins},
title = {The {SSABLE} System: Automated Archive, Catalog,
  Browse and Distribution of Satellite Data in Near-Real Time},
journal = {IEEE Transactions on Geoscience and Remote Sensing}, 
volume = 31,
number = 2,
pages = {515--525},
year = 1993}
		  
@book{steele:clisp,
author = {Guy L. {Steele Jr.}},
title = {Common Lisp: The Language},
publisher = {Digital Press},
address = {Bedford, Massachusetts},
year = {1984}}

@book{stevens:unp,
author = {W. Richard Stevens},
title = {{UNIX} Network Programming},
publisher = {{Prentice-Hall, Inc.}},
edition = {2d},
year = 1999}

@book{stroustrup:cpp,
author = {Bjarne Stroustrup},
title = {The {C++} Programming Language},
publisher = {Addison-Wesley},
address = {Reading, Ma.},
year = {1991}}
		  
@misc{sun:rpc,
author = {{Sun Microsystems, Inc.}},
title = {{RPC}: Remote Procedure Call Protocol Specification version 2},
howpublished = {{DARPA RFC} 1057},
month = {June},
year = 1988}

@misc{w3c:owl,
author= {McGuinness, Deborah L. and van Harmelen, Frank},
publisher={{World Wide Web Consortium (W3C)}},
title= {Web Ontology Language (OWL): Overview},
howpublished = {W3C Candidate Recommendation},
note =	 {Retrieved 15 August 2003 from the World Wide Web; 
                  http://www.w3.org/TR/2003/CR-owl-features-20030818/},
month= {August},
year = 2003}
		  
@misc{asn1,
author= {{International Telecommunication Union (ITU)}},
title = {Information technology -- Abstract Syntax Notation One (ASN.1):
         Specification of basic notation},
howpublished = {ITU-T Recommendation X.680 (Series X: Data Networks and Open
                System Communications)},
note =	 {Retrieved 15 August 2003 from the World Wide Web; 
                  http://www.itu.int/ITU-T/studygroups/com17/languages/X.680-0207.pdf},
month = {July},
year = 2002}

@misc{sun:xdr,
author = {{Sun Microsystems, Inc.}},
title = {{XDR}: External Data Representation Standard},
howpublished = {{DARPA RFC} 1014},
month = {June},
year = 1987}

@inproceedings{treinish:models,
author = {Lloyd Treinish and Ravi Kulkarni and Mike Folk and Greg Goucher and Russ Rew},
title = {Data Models, Structure and Access Software for Scientific Visualization},
booktitle = {Proceedings of the Fourth {IEEE} Conference on Visualization},
year = 1993,
pages = {355--60},
organization = {IEEE}}
		  
@Manual{xdr,
title = {XDR},
organization = {Sun Microsystems},
address = {Mountain View, California},
note = {Version 4}}
		  
@book{yourdon:MSA,
author = {Edward Yourdon},
title = {Modern Structured Analysis},
publisher = {Yourdon Press},
address = {Englewood Cliffs, New Jersy},
year = {1989}}

@Misc{dif,
  author =	 {GCMD},
  title =	 {Directory Interchange Format (DIF) Writer's Guide, Version 8.2001},
  howpublished = {National Aeronautics and Space Administration, Global Change Master Directory},
  year =	 {2001},
  note =	 {Retrieved 15 December 2002 from the World Wide Web; 
                  http://gcmd.nasa.gov/User/difguide},
}

@Misc{mets,
  author =	 {METS},
  title =	 {Metadata Encoding and Transmission Standard},
  howpublished = {Library of Congress},
  year =	 {2002},
  note =	 {Retrieved 15 December 2002 from the World Wide Web; 
                  http://www.loc.gov/standards/mets},
}

@Manual{Sgouros98,
  author = 	 {Sgouros, Tom},
  title = 	 {DODS User Guide},
  institution =  {University of Rhode Island/MIT},
  year = 	 {1996-2002},
  note =	 {See http://unidata.ucar.edu/packages/dods for the most recent version of this and other \opendap\ documentation.}
}

@Manual{aggserver,
  author = 	 {Caron, John and Sgouros, Tom},
  title = 	 {OPeNDAP Aggregation Server Guide},
  institution =  {University of Rhode Island/MIT},
  year = 	 {2002},
  note =	 {See http://unidata.ucar.edu/packages/dods for the most recent version of this and other \opendap\ documentation.}
}

@TechReport{IEC94,
  author = 	 {IEC},
  title = 	 {Information technology -- Open Systems
                  Interconnection -- Basic Reference Model: The Basic
                  Model -- \uppercase{ISO/IEC} 7498},
  institution =  {International Electrotechnical Commission},
  year = 	 {1994},
  note =	 {Retrieved 15 December 2002 from the World Wide Web; http://www.acm.org/sigcomm/standards/iso\_stds/OSI\_MODEL/}
}

@TechReport{dap:overview,
  author =       {Gallagher, James and Sgouros, Tom},
  title =        {The Data Access Protocol: Overview},
  institution =  {University of Rhode Island/GSO},
  year =         {2003},
  note =         {See http://unidata.ucar.edu/packages/dods/documentation}
}

@TechReport{dap:data-model,
  author =       {Gallagher, James and Sgouros, Tom},
  title =        {The Data Access Protocol 1: Data Model},
  institution =  {University of Rhode Island/GSO},
  year =         {2003},
  note =         {See http://unidata.ucar.edu/packages/dods/documentation}
}

@TechReport{dap:objects,
  author =       {Gallagher, James and Sgouros, Tom},
  title =        {The Data Access Protocol 2: Objects},
  institution =  {University of Rhode Island/GSO},
  year =         {2003},
  note =         {See http://unidata.ucar.edu/packages/dods/documentation}
}

@TechReport{dap:services,
  author =       {Gallagher, James and Sgouros, Tom},
  title =        {The Data Access Protocol 3: Services},
  institution =  {University of Rhode Island/GSO},
  year =         {2003},
  note =         {See http://unidata.ucar.edu/packages/dods/documentation}
}

@misc{ansi:c++,
  author =      {\uppercase{ANSI}},
  title =       {C++},
  institution = {placeholder},
  year =        {},
  note =        {}
}

% This requires the standard.bib file.

@manual{IEEE:754,
               title = "IEEE Standard for Binary Floating-Point Arithmetic, 
                        IEEE Std 754-1985",
organization = pub-IEEE,
address = pub-IEEE:adr,
year = 1985}

@book{date:DBMS,
author = {{C}.{J}. Date},
title = {An Introduction to Database Systems},
publisher = {Addison Wesley},
address = {Reading, Massachusetts},
year = {2000}}

@book{Arnold:Java,
author = {Ken Arnold and James Gosling},
title = {The Java Programming Language},
publisher = {Addision Wesley},
address = {Reading, Massachusetts},
year = {1996}}

@book{Dubuisson:ASN1,
author = {Oliver Dubuisson},
title = {{ASN.1}: Communication Between Hetergeneous Systems},
publisher = {Morgan Kaufmann},
address = {San Francisco, California},
year = {2001}}

@misc{UWV:ISO8601,
  author =	 {{University of Wellington, Victoria}},
  title =	 {{ISO} 8601 Date/Time Representations},
  howpublished = {http://www.mcs.vuw.ac.nz/technical/software/SGML/doc/iso8601/ISO8601.html},
  year =	 {2001},
  note =	 {Retrieved 13 October 2003 from the World Wide Web}}

@misc{ISO:8601,
  author =	 {International Organization for Standardization},
  title =	 {{ISO} 8601:2000},
  howpublished = {http://www.iso.org/, seach for '8601'},
  year =	 {2000},
  note =	 {Accessed 13 October 2003 on the World Wide Web}}
