
% This can now be found in the doc/boiler/dods.bib file. 2/5/99 jhrg

@proceedings{cornillon:dodsws1, 
editor = {Peter Cornillon and Glenn Flierl and James Gallagher and George
		  Milkowski}, 
title = {Report on the {F}irst
{W}orkshop for the {D}istributed {O}ceanographic {D}ata System}, 
year = 1993,
note= {29 September - 1 October 1993. W. Alton Jones Campus, University of
		  Rhode Island}}


