% $Id$

@Misc{dif,
  author =	 {Global Change Master Directory},
  title =	 {Directory Interchange Format (DIF) Writer's Guide, Version 8.2001},
  howpublished = {National Aeronautics and Space Administration},
  year =	 {2001},
  note =	 {Retrieved 15 December 2002 from the World Wide Web; 
                  http://gcmd.nasa.gov/User/difguide},
}


@Misc{mets,
  author =	 {Library of Congress},
  title =	 {Metadata Encoding and Transmission Standard},
  howpublished = {},
  year =	 {2002},
  note =	 {Retrieved 15 December 2002 from the World Wide Web; 
                  http://www.loc.gov/standards/mets},
}

@TechReport{Sgouros98,
  author = 	 {Sgouros, Tom},
  title = 	 {DODS User Guide},
  institution =  {University of Rhode Island/MIT},
  year = 	 {1996-2002},
  note =	 {See http://unidata.ucar.edu/packages/dods for the most recent version of this and other \opendap\ documentation.}
}

@TechReport{IEC94,
  author = 	 {IEC},
  title = 	 {Information technology -- Open Systems
                  Interconnection -- Basic Reference Model: The Basic
                  Model -- ISO/IEC 7498},
  institution =  {International Electrotechnical Commission},
  year = 	 {1994},
  note =	 {This can be found online.  Try at www.acm.org},
  annote =	 {\lit{http://www.acm.org/sigcomm/standards/iso\_stds/OSI\_MODEL/}}
}
