                  
@String{pub-FGDC                  = "Federal Geographic Data Committee,
                                     United States Geographical Service"}
@String{pub-FGDC:adr              = "590 National Center, Reston, VA 20192"}

@String{pub-NCSA                  = "National Center for Supercomputing 
                                     Applications, University of Illinois at 
                                     Urbana-Champaign"}
@String{pub-NCSA:adr              = "605 E. Springfield Avenue, 
                                     Champaign, IL 61820"}

%%%%%%%%%%%%%%%%%%%%%%%%%%%%%%%%%%%%%%%%%%%%%%%%%%%%%%%%%%%%%%%%%%%%%%%%%%%
@phdthesis{Fielding:diss,
  author = 	 "Roy Thomas Fielding",
  title = 	 "Architectural Styles and the Design of Network-based Software Architectures",
  school = 	 "University of California, Irvine",
  year = 	 2000,
}                  

@Article{cornillon03,
  author = 	 {Cornillon, Peter and Gallagher, James and Sgouros, Tom},
  title = 	 {OPeNDAP: Accessing data in a distributed, heterogeneous environment},
  journal = 	 {CODATA Data Science Journal},
  year = 	 {2003},
  volume =	 {2},
  pages =	 {164--174},
  note =	 {Online 5 November, 2003: http://journals.eecs.qub.ac.uk/codata/Journal/contents/2\_03/2\_03pdfs/DS247.pdf}
}

@misc{christensen:wsdl1.1,
author = {Erik Christensen and Fancisco Curbera and Greg Meredth and Sanjiva Weerawarana},
title = {Web Services Description Language {(WSDL)} 1.1},
howpublished = {http://www.w3.org/TR/wsdl},
Organization = {W3C},
date = {15 March 2001}}

@misc{cornillon:use-metadata,
author = {Peter Cornillon},
title = {VODHub National Workshop},
howpublished = {http://www.unidata.ucar.edu\-/packages\-/dods\-/papers\-/pcornillon\-/dods-VODHub-National-Meeting-remote\-/dods-national-TOC.html},
organization = {University of Rhode Island},
date = {May, 2001}}

@misc{gallagher:dap-spec,
author = {James Gallagher},
title = {{DODS DAP} 2.0 -- Draft},
howpublished = {http://unidata.ucar.edu/packages/dods/design/dap-rfc-html/},
organization = {University of Rhode Island},
date = {September, 2001}}


% What does entry this mean? What am I trying to cite???
@misc{fgdc,
organization = pub-FGDC,
address = pub-FGDC:adr,
title = {Federal Geographic Data Committee},
howpublished = {http://www.fgdc.gov/},
year = 2001}

@misc{fgdc:metadata,
organization = pub-FGDC,
address = pub-FGDC:adr,
title = {\uppercase{FGDC-STD-001-1998} Content standard for digital \
         geospatial metadata},
howpublished = {http://www.fgdc.gov/metadata/contstan.html},
note = {Retrieved from the web 25 March 2003},
year = {1998},
month = {June}}

@misc{fgdc:bio-metadata,
organization = pub-FGDC,
address = pub-FGDC:adr,
title = {\uppercase{FGDC-STD-001.1-1999} Content standard for digital \
         geospatial metadata},
howpublished = {http://www.fgdc.gov/standards/status/sub5\_2.html},
note = {Retrieved from the web 25 March 2003},
year = {1999},
month = {October}}

@misc{fgdc:rs-metadata,
organization = pub-FGDC,
address = pub-FGDC:adr,
publisher = {{Federal Geographic Data Committee}},
title = {\uppercase{FGDC-STD-012-2002} Content Standard for Digital \
         Geospatial Metadata -- Extensions for Remote Sensing Metadata},
howpublished = {http://www.fgdc.gov/standards/status/csdgm\_rs\_ex.html},
note = {Retrieved from the web 25 March 2003},
year = {2002},
month = {October}}

@misc{ogc:specs,
author = {OGC},
publisher = {{Open GIS Consortium}},
title = {OpenGIS Implementation Specifications},
howpublished = {http://www.opengis.org/techno/implementation.htm},
note = {Retrieved from the web 25 March 2003},
year = {2003},
month = {March}}


@misc{rfc2045,
title = {Multipurpose Internet Mail Extensions {(MIME)} Part One: Format of Internet Message Bodies},
author = {N. Freed and N. Borenstein},
howpublished = {RFC 2045},
organization = {Innosoft},
date = {November 1996}}

@misc{rfc2046,
title = {Multipurpose Internet Mail Extensions {(MIME)} Part Two: Media Types},
author = {N. Freed and N. Borenstein},
howpublished = {RFC 2046},
organization = {Innosoft},
date = {November 1996}}

@misc{rfc822,
title = {Standard for the Format of ARPA Internet Text Messages},
author = {David H. Crocker},
howpublished = {RFC 822},
organization = {University of Delaware},
date = {August 13, 1982}}

@misc{rfc2277,
title=  {\uppercase{IETF} Policy on Character Sets and Languages},
author = {Alvestrand, H.},
howpublished = {RFC 2277},
organization = {UNINETT},
date =  {January, 1998}}

@misc{rfc2616,
title = {Hypertext Transfer Protocol --- {HTTP/1.1}},
author = {R. Fielding and J. Gettys and J. C.  Mogul and H. Frystyk 
and L. Masinter and P. Leach and T. Berners-Lee},
howpublished = {RFC 2616},
organization = {UC Irvine},
date = {June 1999}}

@misc{rfc2119,
title = {Key words for use in RFCs to Indicate Requirement Levels},
author = {S. Bradner},
howpublished = {RFC 2119},
organization = {Harvard University},
date = {March 1997}}

@misc{rfc2396,
title = {Uniform Resource Identifiers {(URI)}: Generic Syntax},
author = {T. Berners-Lee and R. Fielding and L. Masinter},
howpublished = {RFC 2396},
organization = {MIT/LCS},
date = {August 1998}}

@misc{rfc2617,
title = {HTTP Authentication: Basic and Digest Access Authentication},
author = {J. Franks and P. Hallam-Baker and J. Hostetler and S. Lawerence and P. Leach and A. Loutonen and L.Stewart},
howpublished = {RFC 2617},
organization = {Northwestern University},
date = {June 1999}}

@misc{stein:www-security,
title = {The World Wide Web Security {FAQ}},
author = {Lincoln D. Stein},
howpublished = {http://www.w3.org/Security/Faq/www-security-faq.html},
organization = {The World Wide Web Consortium},
year = {1999}}

@inproceedings{gallagher:dods,
title = {Data Transport within the Distributed Oceanographic Data System},
author = {James Gallagher and George Milkowski},
booktitle = {World Wide Web Journal: Fourth International World Wide Web Conference Proceedings},
pages = {691--702},
year = 1995}

@misc{gallagher:registry-srs,
title = {The {DODS} Dataset Registry {SRS}},
author = {James Gallagher},
howpublished = {See the DODS web page or extract from CVS, DODS-doc/archive/requirements/registry.tex},
year = 1999}

@misc{gallagher:list-srs,
title = {The {DODS} Dataset List {SRS}},
author = {James Gallagher},
howpublished = {See the DODS web page or extract from CVS, DODS-doc/archive/requirements/list.tex},
year = 1999}

@misc{gallagher:HTMLform,
title = {Design of the {DODS} {HTML} Interface},
author = {James Gallagher},
howpublished = {See the DODS web page or extract from CVS},
year = 1999}

@misc{sgouros:MLGUI,
title = {DODS Matlab Graphical User Interface Handbook},
author = {Tom Sgouros},
howpublished = {http://www.unidata.ucar.edu/packages/dods/user/mgui-html/mgui.ht
ml},
year = 1999}

% Use this to credit Jake with the idea for using CORBA as a server 
% architecture. 
@misc{hamby:private-comm,
author = {Jake Hamby},
note = {Private Communication},
year = 1998}

@book{Pollice:RUP,
author = {Gary Pollice and Liz Augustine and Chris Lowe and Jas Madhur},
title = {Software Development for Small Teams, A RUP-Centric Approach},
publisher = {Addison-Wesley},
address = {Boston},
year = 2003}

@book{kruchten:RUP,
author = {Philippe Kruchten},
title = {The Rational Unified Process: an Introduction},
edition = {Second Edition},
publisher = {Addison-Wesley},
address = {Boston},
year = 2000}

@book{meyers:ecpp,
author = {Scott Meyers},
title = {Effective C++: 50 Specific Ways to Improve Your Programs and Designs},
publisher = {Addison-Wesley},
year = 1992}

@book{josuttis:cpp-stl,
author = {Nicolia M. Josuttis},
title = {The \Cpp\ Standard Library: A Tutorial and Reference},
publisher = {Addison-Wesley},
year = 1999}

@book{harold:java-net,
author = {Elliotte Rusty Harold},
title = {{JAVA} Network Programming},
publisher = {O'Reilly \& Associates, Inc.},
year = 1997}

@book{siegel:corba-prog,
author = {Jon Siegel},
title = {{CORBA} Fundamentals and Programming / written and edited by Jon Siegel},
publisher = {John Wiley \& Sons, Inc.},
year = 1996}

@inproceedings{denbo:noaaserver,
author = {D.W. Denbo and Steve Hankin and Joeseph Sirott},
title = {A Unified Browse Environment for NOAA's Data Using Distributed Objects},
booktitle = {Marine Technology Society Ocean Community Conference '98},
note = {http://www.publicaffairs.noaa.gov/MTS98.html},
year =  1998}

@misc{waldo:dist-comp,
author = {Jim Waldo and Geoff Wyant and Ann Wollrath and Sam Kendall},
title = {A Note on Distributed Computing},
organization = {Sun Microsystems Laboratories},
address = {Mountain View, CA.},
year = 1993}

@misc{DODS:home-page,
author={The DODS Project},
title={DODS Home Page},
howpublished={http://www.unidata.ucar.edu/packages/dods/},
organization={{Unidata}, {Inc.}},
address={Boulder, CO., USA},
date=2000}

% Hmm... HTML Manuals
@manual{DODS:users-guide,
author = {Tom Sgouros},
title = {{DODS} User's Guide},
howpublished = {http://www.unidata.ucar.edu/packages/dods/user/guide-html/},
organization = {The University of Rhode Island},
address = {Narragansett, RI.},
note = {version~1.8},
date = 1999}

@manual{DODS:prog-guide,
author = {James Gallagher and Tom Sgouros},
title = {{DODS} Programmer's Guide},
howpublished = {http://www.unidata.ucar.edu/packages/dods/api/pguide-html/},
organization = {The University of Rhode Island},
address = {Narragansett, RI.},
note = {version~1.2},
date = 1999}

% COARDS at Unidata
@misc{COARDS,
author = {{Cooperative Ocean/Atmosphere Research Data Service}},
title = {Conventions for the standardization of NetCDF files},
howpublished = {http://ferret.wrc.noaa.gov/noaa\_coop/coop\_cdf\_profile.html},
year = 1995}

% Ferret: web site
@misc{Ferret,
author = {{NOAA PMEL}},
title = {Ferret: Data Visualization and Analysis},
howpublished = {http://ferret.wrc.noaa.gov/Ferret/},
year = 1999}

% Matlab manual
@manual{matlab,
author = {Mathworks},
title = {Matlab User's Guide},
organization = {The Mathworks, inc.},
address = {Natick, MA.},
note = {Version 5},
date = 1997}

% Maybe Lola has a paper reference?
@misc{GCMD,
author = {{NASA}},
title = {{The Global Change Master Directory}},
howpublished = {http://gcmd.gsfc.nasa.gov/},
year = 1999}

@inproceedings{Nielsen:HTTP,
author = {Henrik Frystyk Nielsen and James Gettys and Anselm Baird-Smith and
Eric Prud'hommeaux and H\aakon Wium Lie and Chris Lilley},
title = {Network performance effects of HTTP/1.1, CSS1, and PNG},
booktitle = {Proceedings of the {ACM SIGCOMM} '97 conference on Applications, technologies, architectures, and protocols for computer communication},
year = 1997,
pages = {155--166},
organization = {ACM}}

% Maybe Lee has a paper reference?
@misc{JPL:webwinds,
author = {{Jet Propulsion Laboratory}},
title = {The {WebWinds} Interactive Data System},
howpublished = {http://webwinds.jpl.nasa.gov/lwhome.html},
year = 1999}

% This is the main URL for EOS.
@misc{NASA:EOS,
author = {{NASA}},
title = {{NASA's} {Earth Observing System}},
howpublished = {http://eos.nasa.gov/},
year = 1999}

% This paper should describe the HDF-EOS metatdata. Could use the three 
% HDF-EOS white papers, but something more current would be better.
@misc{HDFEOS,
author = {{NASA}},
title = {{HDF-EOS} Standards and Tools Information Center},
howpublished = {http://hdfeos.gsfc.nasa.gov/hdfeos/workshop.html},
year = 1999}

@manual{NCSA:HDF5,
organization = pub-NCSA,
address = pub-NCSA:adr,
title = {{HDF5} - A New Generation of {HDF}},
howpublished = {http://hdf.ncsa.uiuc.edu/HDF5/},
note = {Retrieved from the World Wide Web 15 December 2002},
year = 2001}

@manual{NCSA:HDF4,
organization = pub-NCSA,
address = pub-NCSA:adr,
title = {{HDF} 4.1r3 User's Guide},
howpublished = {http://hdf.ncsa.uiuc.edu/UG41r3\_html/},
note = {Retrieved from the World Wide Web 13 October 2003},
year = 1999}

@manual{NCSA:HDF,
organization = pub-NCSA,
address = pub-NCSA:adr,
title = {Hierarchical Data Format, Version 3.0},
howpublished = {University of Illinois at Urbana-Champaign},
month = {November},
year = 1990}
		  
% This entry requires the standard.bib file be merged with this database.
% jhrg 1/20/05

@Manual{ANSI:US-ASCII,
  title =        "Coded Character Set---7-bit American Standard Code for 
                  Information Interchange. Standard {ANSI} X3.4-1986",
  organization = pub-ANSI,
  address =      pub-ANSI:adr,
  year =         "1986",
}

@misc{ANSI:X3.4,
author = {{US-ASCII}},
title = {Coded Character Set---7-bit American Standard Code for Information 
Interchange. Standard {ANSI X3.4-1986}},
howpublished = {{ANSI}},
year = 1986}

@misc{EOSDIS:IMS,
author = {{NASA}},
title = {{Earth Observing System Data and Information System Information Management System}},
howpublished = {http://www-v0ims.gsfc.nasa.gov/v0ims/eosdis\_home.html},
year = 1999}

@misc{NETCDF:conventions,
author = {{University Corporation for Atmospheric Research}},
title = {{NetCDF} Conventions},
howpublished = {http://www.unidata.ucar.edu/packages/netcdf/conventions.html},
year = 1999}

@misc{DODS:workshop1,
author = {Peter Cornillon and Glenn Flierl and James Gallagher and George
	Milkowski},
title = {Report on the First Workshop for the Distributed Oceanographic Data
	System},
howpublished = {The University of Rhode Island, Graduate school of
		  Oceanography},
month = {September},
year = 1993}

@techreport{EOSDIS:dataplan,
title = {Science Data Plan for EOS Data and Information
  System covering EOSDIS Version 0 and Beyond, Document
  Version 1.0}, 
author = {{NASA Goddard Space Flight Center}},
institution = {Earth Science Data Information System
  Project, NASA Goddard Space Flight Center}, 
year = 1992}
		  
@misc{IETF:url,
author = {{Internet Engineering Task Force}},
title = {{http://www.ietf.cnri.reston.va.us/home.html}},
month = {October},
year = 1995}

@misc{JGOFS:url,
author = {{Joint Global Ocean Flux Study}},
title = {{http://www1.whoi.edu/jgofs.html}},
month = {October},
year = 1995}
		  
@misc{JPL:oceansurl,
author = {{National Oceanic and Atmospheric Administration}},
title = {{http://podaac-www.jpl.nasa.gov/}},
month = {October},
year = 1995}

@techreport{NOAA:policy,
title = {Report to the Senate Committee on Commerce,
  Science and Transportation and the House of Representative
  Committee on Science, Space and Technology on a plan to
  modernize NOAA's Environmental Data and Information Systems
  based on the Needs Assessment for Data Management Archival
  and Distribution: NOAA's Leadership Role in Environmental
  Information Services for the Nation},
author = {{NOAA}}, 
institution = {U.S. Department of Commerce, National Oceanic and Atmospheric Administration},
address = {Washington, DC},
year = 1994}
		  
@techreport{NSF:globalchange,
title = {The U.S. Global Change Data and Information Management Program Plan},
author = {{National Science Foundation}}, 
institution = {National Science Foundation, The Committee
  on Earth and Environmental Sciences, Interagency Working
  Group on Data Management of Global Change},
year = 1992}

@misc{PMEL:thermalurl,
author = {{Pacific Marine Environmental Laboratory}},
title = {Live Access to Climate Data},
howpublished ={{http://ferret.wrc.noaa.gov/fbin/climate\_server/}},
month = {October},
year = 1995}

@misc{URI:ssturl,
author = {{University of Rhode Island}},
title = {Sea Surface Temperature Archive},
howpublished = {{http://rs.gso.uri.edu/avhrr.html}},
month = {October},
year = 1995}

@misc{USGS:glisurl,
author = {{U.S. Geological Survey}},
title = {{USGS EDC} {G}lobal {L}and {I}nformation {S}ystem},
howpublished = {http://edcwww.cr.usgs.gov/glis/glis.html},
month = {October},
year = 1995}

@article{muntz:data,
author = {Richard Muntz and Edmond Mesrobian and Carlos R. Mechoso},
title = {Integrating Data Analysis, Visualization, and Data Management in a
		  heterogeneous Distributed Environment}, 
journal = {Information Systems Newsletter},
volume = 20,
number = 2,
pages = {7--13},
year = 1995}

@book{booch:oo-analysis,
author = {Grady Booch},
title = {Object-Oriented Analysis and Design with Applications, 2ed.},
publisher = {Benjamin/Cummings},
address = {Redwood City, CA},
year = {1994}}
		  
@article{chinman:manage,
author = {Richard Chinman and George Milkowski},
title = {Managing Earth Science Data in the 1990s and into the 21st Century}, 
journal = {Maritimes},
volume = 34,
number = 4,
pages = {8--13},
year = 1990}
		  
@proceedings{cornillon:dodsws1, 
editor = {Peter Cornillon and Glenn Flierl and James Gallagher and George Milkowski}, 
title = {Report on the {F}irst {W}orkshop for the {D}istributed {O}ceanographic {D}ata System}, 
year = 1993,
note= {29 September - 1 October 1993. W. Alton Jones Campus, University of Rhode Island}}
		  
@Manual{emacs,
title = {GNU Emacs},
organization = {The Free Software Foundation},
address = {Cambridge, MA.},
note = {Version 19}}

@incollection{horowitz:cpaper,
author = {D. M. Ritchie and S. C. Johnson and M. E. Lesk and B. W. Kernighan},
title = {The {C} Programming Language},
booktitle = {Programming Languages: A Grand Tour, 3ed.},
editor = {Ellis Horowitz},
publisher = {Computer Science Press},
address = {Rockville, MD.},
pages = {458--79},
year = 1987}

@article{jacobson:linkwinds,
author = {Allan S. Jacobson and Andrew L. Berkin and Martin N. Orton},
title = {Linkwinds: Interactive Scientific Data Analysis and Visualization},
journal = {Communication of the Association of Computing Machinery},
volume = 37,
number = 4,
pages = {43--52},
year = 1994}

@book{kern:upe,
author = {Brian W. Kernighan and Rob Pike},
title = {The Unix Programming Environment},
publisher = {Prentice-Hall, Inc.},
address = {Englewood Cliffs, New Jersy},
year = {1984}}
		  
@book{kr:c,
author = {Brian W. Kerningham and Dennis M. Ritchie},
title = {The {C} Programming Language},
publisher = {Prentice-Hall, Inc.},
address = {Englewood Cliffs, New Jersy},
year = {1978}}
		  
@Manual{netcdf,
title = {NetCDF User's Guide},
author = {Russ Rew and Glenn Davis and Steve Emmerson},
organization = {Unidata Program Center},
address = {Boulder, Colorado},
note = {Version 2.3},
year = 1993,
month = {April}}
		  
@book{osterhout:tcl,
author = {John K. Ousterhout},
title = {Tcl and the {Tk} Toolkit},
publisher = {Addison-Wesley},
address = {Reading, Ma.},
year = {1994}}

@article{pursch:newtools,
author = {Andrew Pursch and Ralph Kahn and Robert Haskins and Stephanie
		  Granger-Gallegos},
title = {New Tools for Working With Spatially Non-Uniformly-Sampled Data from
		  Satellites},
journal = {The Earth Observer},
volume = 4,
number = 5,
pages = {19--26},
year = 1992}
		  
@article{rew:netcdf,
author = {R. K. Rew and D. P. Davis},
title = {{NetCDF}: An Interface for Scientific Data Access},
journal = {{IEEE} Computer Graphics and Applications},
volume = 10,
number = 4,
pages = {76--82},
year = 1990}

@misc{w3c:cgi,
author = {W3C},
title = {CGI: Common Gateway Interface},
howpublished = {http://www.w3.org/CGI/},
year = 1999}

@misc{w3c:http,
author = {J. Gettys and J. Mogul and H. Frystyk and L. Masinter and P. Leach and T. Berners-Lee},
title = {Hypertext Transfer Protocol -- HTTP/1.1},
howpublished = {http://www.w3.org/Protocols/rfc2616/rfc2616.html},
year = 1999}

@misc{w3c:xml,
author = {{W3C}},
editor = {Tim Bray and Jean Paoli and {C. M.} Sperberg-McQueen and Eve Maler},
title = {Extensible Markup Language {(XML)} 1.0},
edition = {Second Edition},
howpublished = {http://www.w3.org/TR/REC-xml},
year = 2000}

@misc{w3c:outofband,
author = {{W3C}},
editor = {},
title = {This is a place holder for the W3C reference Nathan found about out of band data and XML documents},
howpublished = {http://www.w3.org/Somewhere},
year = 1961}

@misc{w3c:SwA,
author = {{W3C}},
editor = {John {J.} Barton and Satish Thatte and Henrik Frystyk Nielsen},
title = {SOAP Messages with Attachments},
howpublished = {http://www.w3.org/TR/SOAP-attachments},
year = 2000}

@misc{w3c:SMF,
author = {{W3C}},
editor = {Martin Gudgin and Marc Hadley and Noah Mendelshon and Jean-Jacques Moreau and Henrik Frystyl Nielsen},
title ={{SOAP} Version 1.2 Part 1: Message Framework},
howpublished = {http://www.w3.org/TR/REC-soap12-part1-20030624/},
year = 2003}

@misc{w3c:SMTOM,
author = {{W3C}},
editor = {Martin Gudgin and Noah Mendelshon and Mark Nottingham and Herv\'e Ruellan},
title ={{SOAP} Message Transmission Optimization Mechanism},
howpublished = {http://www.w3.org/TR/soap12-mtom/},
year = 2005}

@misc{w3c:XOP,
author = {{W3C}},
editor = {Martin Gudgin and Noah Mendelshon and Mark Nottingham and Herv\'e Ruellan},
title ={{XML}-binary Optimized Packaging},
howpublished = {http://www.w3.org/TR/xop10/},
year = 2005}
    
@misc{ietf:rfc2045,
author = {{N.} Freed and {N.} Borenstein},
title = {Multipurpose Internet Mail Extensions {(MIME)} Part One: Format of Internet Message Bodies},
howpublished = {http://www.ietf.org/rfc/rfc2045.txt},
year = 1996}                  

@misc{SOAP:streaming,
author = {{SOAP}},
title = {Placeholder for reference about streaming data with SOAP},
howpublished = {A Book?},
year = 1963}

@misc{apache:httpd,
author = {{The Apache Software Foundation}},
title = {Welcome to the Apache HTTP Server Project},
howpublished = {http://www.apache.org/httpd.html},
year = 2000}

@misc{rfc:mime,
author = {N. Borenstein and N. Freed},
title = {Multipurpose Internet Mail Extensions {(MIME)} Part One:
     Format of Internet Message Bodies},
howpublished = {{DARPA RFC} 2045},
month = {November},
year = 1996}

@book{ritchie:c,
author = {Brian W. Kernigham and Dennis M. Ritchie},
title = {The {C} Programming Language},
publisher = {{Prentice-Hall}},
year = 1978}
		  
@article{simpson:ssable,
author = {James J. Simpson and Daniel N. Harkins},
title = {The {SSABLE} System: Automated Archive, Catalog,
  Browse and Distribution of Satellite Data in Near-Real Time},
journal = {IEEE Transactions on Geoscience and Remote Sensing}, 
volume = 31,
number = 2,
pages = {515--525},
year = 1993}
		  
@book{steele:clisp,
author = {Guy L. {Steele Jr.}},
title = {Common Lisp: The Language},
publisher = {Digital Press},
address = {Bedford, Massachusetts},
year = {1984}}

@book{stevens:unp,
author = {W. Richard Stevens},
title = {{UNIX} Network Programming},
publisher = {{Prentice-Hall, Inc.}},
edition = {2d},
year = 1999}

@book{stroustrup:cpp,
author = {Bjarne Stroustrup},
title = {The {C++} Programming Language},
publisher = {Addison-Wesley},
address = {Reading, Ma.},
year = {1991}}
		  
@misc{sun:rpc,
author = {{Sun Microsystems, Inc.}},
title = {{RPC}: Remote Procedure Call Protocol Specification version 2},
howpublished = {{DARPA RFC} 1057},
month = {June},
year = 1988}

@misc{w3c:owl,
author= {McGuinness, Deborah L. and van Harmelen, Frank},
publisher={{World Wide Web Consortium (W3C)}},
title= {Web Ontology Language (OWL): Overview},
howpublished = {W3C Candidate Recommendation},
note =	 {Retrieved 15 August 2003 from the World Wide Web; 
                  http://www.w3.org/TR/2003/CR-owl-features-20030818/},
month= {August},
year = 2003}
		  
@misc{asn1,
author= {{International Telecommunication Union (ITU)}},
title = {Information technology -- Abstract Syntax Notation One (ASN.1):
         Specification of basic notation},
howpublished = {ITU-T Recommendation X.680 (Series X: Data Networks and Open
                System Communications)},
note =	 {Retrieved 15 August 2003 from the World Wide Web; 
                  http://www.itu.int/ITU-T/studygroups/com17/languages/X.680-0207.pdf},
month = {July},
year = 2002}

@misc{sun:xdr,
author = {{Sun Microsystems, Inc.}},
title = {{XDR}: External Data Representation Standard},
howpublished = {{DARPA RFC} 1014},
month = {June},
year = 1987}

@inproceedings{treinish:models,
author = {Lloyd Treinish and Ravi Kulkarni and Mike Folk and Greg Goucher and Russ Rew},
title = {Data Models, Structure and Access Software for Scientific Visualization},
booktitle = {Proceedings of the Fourth {IEEE} Conference on Visualization},
year = 1993,
pages = {355--60},
organization = {IEEE}}
		  
@Manual{xdr,
title = {XDR},
organization = {Sun Microsystems},
address = {Mountain View, California},
note = {Version 4}}
		  
@book{yourdon:MSA,
author = {Edward Yourdon},
title = {Modern Structured Analysis},
publisher = {Yourdon Press},
address = {Englewood Cliffs, New Jersy},
year = {1989}}

@Misc{dif,
  author =	 {GCMD},
  title =	 {Directory Interchange Format (DIF) Writer's Guide, Version 8.2001},
  howpublished = {National Aeronautics and Space Administration, Global Change Master Directory},
  year =	 {2001},
  note =	 {Retrieved 15 December 2002 from the World Wide Web; 
                  http://gcmd.nasa.gov/User/difguide},
}

@Misc{mets,
  author =	 {METS},
  title =	 {Metadata Encoding and Transmission Standard},
  howpublished = {Library of Congress},
  year =	 {2002},
  note =	 {Retrieved 15 December 2002 from the World Wide Web; 
                  http://www.loc.gov/standards/mets},
}

@Manual{Sgouros98,
  author = 	 {Sgouros, Tom},
  title = 	 {DODS User Guide},
  institution =  {University of Rhode Island/MIT},
  year = 	 {1996-2002},
  note =	 {See http://unidata.ucar.edu/packages/dods for the most recent version of this and other \opendap\ documentation.}
}

@Manual{aggserver,
  author = 	 {Caron, John and Sgouros, Tom},
  title = 	 {OPeNDAP Aggregation Server Guide},
  institution =  {University of Rhode Island/MIT},
  year = 	 {2002},
  note =	 {See http://unidata.ucar.edu/packages/dods for the most recent version of this and other \opendap\ documentation.}
}

@TechReport{IEC94,
  author = 	 {IEC},
  title = 	 {Information technology -- Open Systems
                  Interconnection -- Basic Reference Model: The Basic
                  Model -- \uppercase{ISO/IEC} 7498},
  institution =  {International Electrotechnical Commission},
  year = 	 {1994},
  note =	 {Retrieved 15 December 2002 from the World Wide Web; http://www.acm.org/sigcomm/standards/iso\_stds/OSI\_MODEL/}
}

@TechReport{dap:overview,
  author =       {Gallagher, James and Sgouros, Tom},
  title =        {The Data Access Protocol: Overview},
  institution =  {University of Rhode Island/GSO},
  year =         {2003},
  note =         {See http://unidata.ucar.edu/packages/dods/documentation}
}

@TechReport{dap:data-model,
  author =       {Gallagher, James and Sgouros, Tom},
  title =        {The Data Access Protocol 1: Data Model},
  institution =  {University of Rhode Island/GSO},
  year =         {2003},
  note =         {See http://unidata.ucar.edu/packages/dods/documentation}
}

@TechReport{dap:objects,
  author =       {Gallagher, James and Sgouros, Tom},
  title =        {The Data Access Protocol 2: Objects},
  institution =  {University of Rhode Island/GSO},
  year =         {2003},
  note =         {See http://unidata.ucar.edu/packages/dods/documentation}
}

@TechReport{dap:services,
  author =       {Gallagher, James and Sgouros, Tom},
  title =        {The Data Access Protocol 3: Services},
  institution =  {University of Rhode Island/GSO},
  year =         {2003},
  note =         {See http://unidata.ucar.edu/packages/dods/documentation}
}

@misc{ansi:c++,
  author =      {\uppercase{ANSI}},
  title =       {C++},
  institution = {placeholder},
  year =        {},
  note =        {}
}

% This requires the standard.bib file.

@manual{IEEE:754,
               title = "IEEE Standard for Binary Floating-Point Arithmetic, 
                        IEEE Std 754-1985",
organization = pub-IEEE,
address = pub-IEEE:adr,
year = 1985}

@book{date:DBMS,
author = {{C}.{J}. Date},
title = {An Introduction to Database Systems},
publisher = {Addison Wesley},
address = {Reading, Massachusetts},
year = {2000}}

@book{Arnold:Java,
author = {Ken Arnold and James Gosling},
title = {The Java Programming Language},
publisher = {Addision Wesley},
address = {Reading, Massachusetts},
year = {1996}}

@book{Dubuisson:ASN1,
author = {Oliver Dubuisson},
title = {{ASN.1}: Communication Between Hetergeneous Systems},
publisher = {Morgan Kaufmann},
address = {San Francisco, California},
year = {2001}}

@misc{UWV:ISO8601,
  author =	 {{University of Wellington, Victoria}},
  title =	 {{ISO} 8601 Date/Time Representations},
  howpublished = {http://www.mcs.vuw.ac.nz/technical/software/SGML/doc/iso8601/ISO8601.html},
  year =	 {2001},
  note =	 {Retrieved 13 October 2003 from the World Wide Web}}

@misc{ISO:8601,
  author =	 {International Organization for Standardization},
  title =	 {{ISO} 8601:2000},
  howpublished = {http://www.iso.org/, seach for '8601'},
  year =	 {2000},
  note =	 {Accessed 13 October 2003 on the World Wide Web}}
